@book{1,
  title={https://fr.wikipedia.org/wiki/Modèle-vue-contrôleur}
}
@book{2,
   title={https://fr.wikipedia.org/wiki/Visual_Studio_Code}
}
@book{3,
     title={https://fr.wikipedia.org/wiki/Angular }
}
@book{4,
    title={https://www.infoq.com/fr/articles/microframeworks1-spring-boot/ }
}
@book{5,
     title={https://www.developpez.com/actu/214684/La-version-4-1-2-de-Bootstrap-est-maintenant-disponibleet-pourrait-mettre-fin-aux-problemes-rencontres-avec-la-version-4-1-1 }
}
@book{6,
    title={https://fr.wikipedia.org/wiki/MySQL }
}